%% This BibTeX bibliography file was created using BibDesk.
%% http://bibdesk.sourceforge.net/


%% Created for Mike Frank at 2023-12-11 11:41:53 -0800 


%% Saved with string encoding Unicode (UTF-8) 



@article{landau1988importance,
	author = {Landau, Barbara and Smith, Linda B and Jones, Susan S},
	date-added = {2023-12-11 11:41:45 -0800},
	date-modified = {2023-12-11 11:41:45 -0800},
	journal = {Cognitive development},
	number = {3},
	pages = {299--321},
	publisher = {Elsevier},
	title = {The importance of shape in early lexical learning},
	volume = {3},
	year = {1988}}
